@inproceedings{DBLP:conf/iclr/HuSWALWWC22,
  author       = {Edward J. Hu and
                  Yelong Shen and
                  Phillip Wallis and
                  Zeyuan Allen{-}Zhu and
                  Yuanzhi Li and
                  Shean Wang and
                  Lu Wang and
                  Weizhu Chen},
  title        = {LoRA: Low-Rank Adaptation of Large Language Models},
  booktitle    = {The Tenth International Conference on Learning Representations, {ICLR}
                  2022, Virtual Event, April 25-29, 2022},
  publisher    = {OpenReview.net},
  year         = {2022},
  url          = {https://openreview.net/forum?id=nZeVKeeFYf9},
  timestamp    = {Sat, 20 Aug 2022 01:15:42 +0200},
  biburl       = {https://dblp.org/rec/conf/iclr/HuSWALWWC22.bib},
  bibsource    = {dblp computer science bibliography, https://dblp.org}
}

@article{DBLP:journals/corr/abs-2305-14314,
	author       = {Tim Dettmers and
	Artidoro Pagnoni and
	Ari Holtzman and
	Luke Zettlemoyer},
	title        = {QLoRA: Efficient Finetuning of Quantized LLMs},
	journal      = {CoRR},
	volume       = {abs/2305.14314},
	year         = {2023},
	url          = {https://doi.org/10.48550/arXiv.2305.14314},
	doi          = {10.48550/ARXIV.2305.14314},
	eprinttype    = {arXiv},
	eprint       = {2305.14314},
	timestamp    = {Mon, 05 Jun 2023 15:42:15 +0200},
	biburl       = {https://dblp.org/rec/journals/corr/abs-2305-14314.bib},
	bibsource    = {dblp computer science bibliography, https://dblp.org}
}

@article{li2023angle,
	title={AnglE-optimized Text Embeddings},
	author={Li, Xianming and Li, Jing},
	journal={arXiv preprint arXiv:2309.12871},
	year={2023}
}

@article{DBLP:journals/corr/abs-2310-06825,
	author       = {Albert Q. Jiang and
	Alexandre Sablayrolles and
	Arthur Mensch and
	Chris Bamford and
	Devendra Singh Chaplot and
	Diego de Las Casas and
	Florian Bressand and
	Gianna Lengyel and
	Guillaume Lample and
	Lucile Saulnier and
	L{\'{e}}lio Renard Lavaud and
	Marie{-}Anne Lachaux and
	Pierre Stock and
	Teven Le Scao and
	Thibaut Lavril and
	Thomas Wang and
	Timoth{\'{e}}e Lacroix and
	William El Sayed},
	title        = {Mistral 7B},
	journal      = {CoRR},
	volume       = {abs/2310.06825},
	year         = {2023},
	url          = {https://doi.org/10.48550/arXiv.2310.06825},
	doi          = {10.48550/ARXIV.2310.06825},
	eprinttype    = {arXiv},
	eprint       = {2310.06825},
	timestamp    = {Thu, 26 Oct 2023 16:46:26 +0200},
	biburl       = {https://dblp.org/rec/journals/corr/abs-2310-06825.bib},
	bibsource    = {dblp computer science bibliography, https://dblp.org}
}

@article{gunasekar2023textbooks,
	title={Textbooks Are All You Need},
	author={Gunasekar, Suriya and Zhang, Yi and Aneja, Jyoti and Mendes, Caio C{\'e}sar Teodoro and Del Giorno, Allie and Gopi, Sivakanth and Javaheripi, Mojan and Kauffmann, Piero and de Rosa, Gustavo and Saarikivi, Olli and others},
	journal={arXiv preprint arXiv:2306.11644},
	year={2023}
}

@article{qwen,
	title={Qwen Technical Report},
	author={Jinze Bai and Shuai Bai and Yunfei Chu and Zeyu Cui and Kai Dang and Xiaodong Deng and Yang Fan and Wenbin Ge and Yu Han and Fei Huang and Binyuan Hui and Luo Ji and Mei Li and Junyang Lin and Runji Lin and Dayiheng Liu and Gao Liu and Chengqiang Lu and Keming Lu and Jianxin Ma and Rui Men and Xingzhang Ren and Xuancheng Ren and Chuanqi Tan and Sinan Tan and Jianhong Tu and Peng Wang and Shijie Wang and Wei Wang and Shengguang Wu and Benfeng Xu and Jin Xu and An Yang and Hao Yang and Jian Yang and Shusheng Yang and Yang Yao and Bowen Yu and Hongyi Yuan and Zheng Yuan and Jianwei Zhang and Xingxuan Zhang and Yichang Zhang and Zhenru Zhang and Chang Zhou and Jingren Zhou and Xiaohuan Zhou and Tianhang Zhu},
	journal={arXiv preprint arXiv:2309.16609},
	year={2023}
}

@inproceedings{DBLP:conf/nips/LewisPPPKGKLYR020,
	author       = {Patrick S. H. Lewis and
	Ethan Perez and
	Aleksandra Piktus and
	Fabio Petroni and
	Vladimir Karpukhin and
	Naman Goyal and
	Heinrich K{\"{u}}ttler and
	Mike Lewis and
	Wen{-}tau Yih and
	Tim Rockt{\"{a}}schel and
	Sebastian Riedel and
	Douwe Kiela},
	editor       = {Hugo Larochelle and
	Marc'Aurelio Ranzato and
	Raia Hadsell and
	Maria{-}Florina Balcan and
	Hsuan{-}Tien Lin},
	title        = {Retrieval-Augmented Generation for Knowledge-Intensive {NLP} Tasks},
	booktitle    = {Advances in Neural Information Processing Systems 33: Annual Conference
	on Neural Information Processing Systems 2020, NeurIPS 2020, December
	6-12, 2020, virtual},
	year         = {2020},
	url          = {https://proceedings.neurips.cc/paper/2020/hash/6b493230205f780e1bc26945df7481e5-Abstract.html},
	timestamp    = {Tue, 19 Jan 2021 15:57:07 +0100},
	biburl       = {https://dblp.org/rec/conf/nips/LewisPPPKGKLYR020.bib},
	bibsource    = {dblp computer science bibliography, https://dblp.org}
}

@article{DBLP:journals/corr/abs-1907-11692,
	author       = {Yinhan Liu and
	Myle Ott and
	Naman Goyal and
	Jingfei Du and
	Mandar Joshi and
	Danqi Chen and
	Omer Levy and
	Mike Lewis and
	Luke Zettlemoyer and
	Veselin Stoyanov},
	title        = {RoBERTa: {A} Robustly Optimized {BERT} Pretraining Approach},
	journal      = {CoRR},
	volume       = {abs/1907.11692},
	year         = {2019},
	url          = {http://arxiv.org/abs/1907.11692},
	eprinttype    = {arXiv},
	eprint       = {1907.11692},
	timestamp    = {Thu, 14 Dec 2023 18:03:41 +0100},
	biburl       = {https://dblp.org/rec/journals/corr/abs-1907-11692.bib},
	bibsource    = {dblp computer science bibliography, https://dblp.org}
}

@article{DBLP:journals/jmlr/RaffelSRLNMZLL20,
	author       = {Colin Raffel and
	Noam Shazeer and
	Adam Roberts and
	Katherine Lee and
	Sharan Narang and
	Michael Matena and
	Yanqi Zhou and
	Wei Li and
	Peter J. Liu},
	title        = {Exploring the Limits of Transfer Learning with a Unified Text-to-Text
	Transformer},
	journal      = {J. Mach. Learn. Res.},
	volume       = {21},
	pages        = {140:1--140:67},
	year         = {2020},
	url          = {http://jmlr.org/papers/v21/20-074.html},
	timestamp    = {Fri, 05 Feb 2021 15:43:41 +0100},
	biburl       = {https://dblp.org/rec/journals/jmlr/RaffelSRLNMZLL20.bib},
	bibsource    = {dblp computer science bibliography, https://dblp.org}
}

@article{DBLP:journals/corr/abs-2303-08774,
	author       = {OpenAI},
	title        = {{GPT-4} Technical Report},
	journal      = {CoRR},
	volume       = {abs/2303.08774},
	year         = {2023},
	url          = {https://doi.org/10.48550/arXiv.2303.08774},
	doi          = {10.48550/ARXIV.2303.08774},
	eprinttype    = {arXiv},
	eprint       = {2303.08774},
	timestamp    = {Mon, 28 Aug 2023 21:26:19 +0200},
	biburl       = {https://dblp.org/rec/journals/corr/abs-2303-08774.bib},
	bibsource    = {dblp computer science bibliography, https://dblp.org}
}

@inproceedings{DBLP:conf/nips/Wei0SBIXCLZ22,
	author       = {Jason Wei and
	Xuezhi Wang and
	Dale Schuurmans and
	Maarten Bosma and
	Brian Ichter and
	Fei Xia and
	Ed H. Chi and
	Quoc V. Le and
	Denny Zhou},
	editor       = {Sanmi Koyejo and
	S. Mohamed and
	A. Agarwal and
	Danielle Belgrave and
	K. Cho and
	A. Oh},
	title        = {Chain-of-Thought Prompting Elicits Reasoning in Large Language Models},
	booktitle    = {Advances in Neural Information Processing Systems 35: Annual Conference
	on Neural Information Processing Systems 2022, NeurIPS 2022, New Orleans,
	LA, USA, November 28 - December 9, 2022},
	year         = {2022},
	url          = {http://papers.nips.cc/paper\_files/paper/2022/hash/9d5609613524ecf4f15af0f7b31abca4-Abstract-Conference.html},
	timestamp    = {Mon, 08 Jan 2024 16:31:37 +0100},
	biburl       = {https://dblp.org/rec/conf/nips/Wei0SBIXCLZ22.bib},
	bibsource    = {dblp computer science bibliography, https://dblp.org}
}

@inproceedings{DBLP:conf/nips/BrownMRSKDNSSAA20,
	author       = {Tom B. Brown and
	Benjamin Mann and
	Nick Ryder and
	Melanie Subbiah and
	Jared Kaplan and
	Prafulla Dhariwal and
	Arvind Neelakantan and
	Pranav Shyam and
	Girish Sastry and
	Amanda Askell and
	Sandhini Agarwal and
	Ariel Herbert{-}Voss and
	Gretchen Krueger and
	Tom Henighan and
	Rewon Child and
	Aditya Ramesh and
	Daniel M. Ziegler and
	Jeffrey Wu and
	Clemens Winter and
	Christopher Hesse and
	Mark Chen and
	Eric Sigler and
	Mateusz Litwin and
	Scott Gray and
	Benjamin Chess and
	Jack Clark and
	Christopher Berner and
	Sam McCandlish and
	Alec Radford and
	Ilya Sutskever and
	Dario Amodei},
	editor       = {Hugo Larochelle and
	Marc'Aurelio Ranzato and
	Raia Hadsell and
	Maria{-}Florina Balcan and
	Hsuan{-}Tien Lin},
	title        = {Language Models are Few-Shot Learners},
	booktitle    = {Advances in Neural Information Processing Systems 33: Annual Conference
	on Neural Information Processing Systems 2020, NeurIPS 2020, December
	6-12, 2020, virtual},
	year         = {2020},
	url          = {https://proceedings.neurips.cc/paper/2020/hash/1457c0d6bfcb4967418bfb8ac142f64a-Abstract.html},
	timestamp    = {Thu, 25 May 2023 10:38:31 +0200},
	biburl       = {https://dblp.org/rec/conf/nips/BrownMRSKDNSSAA20.bib},
	bibsource    = {dblp computer science bibliography, https://dblp.org}
}

@article{DBLP:journals/corr/abs-2309-11235,
	author       = {Guan Wang and
	Sijie Cheng and
	Xianyuan Zhan and
	Xiangang Li and
	Sen Song and
	Yang Liu},
	title        = {OpenChat: Advancing Open-source Language Models with Mixed-Quality
	Data},
	journal      = {CoRR},
	volume       = {abs/2309.11235},
	year         = {2023},
	url          = {https://doi.org/10.48550/arXiv.2309.11235},
	doi          = {10.48550/ARXIV.2309.11235},
	eprinttype    = {arXiv},
	eprint       = {2309.11235},
	timestamp    = {Mon, 25 Sep 2023 15:34:00 +0200},
	biburl       = {https://dblp.org/rec/journals/corr/abs-2309-11235.bib},
	bibsource    = {dblp computer science bibliography, https://dblp.org}
}

@article{DBLP:journals/corr/abs-2204-06745,
	author       = {Sid Black and
	Stella Biderman and
	Eric Hallahan and
	Quentin Anthony and
	Leo Gao and
	Laurence Golding and
	Horace He and
	Connor Leahy and
	Kyle McDonell and
	Jason Phang and
	Michael Pieler and
	USVSN Sai Prashanth and
	Shivanshu Purohit and
	Laria Reynolds and
	Jonathan Tow and
	Ben Wang and
	Samuel Weinbach},
	title        = {GPT-NeoX-20B: An Open-Source Autoregressive Language Model},
	journal      = {CoRR},
	volume       = {abs/2204.06745},
	year         = {2022},
	url          = {https://doi.org/10.48550/arXiv.2204.06745},
	doi          = {10.48550/ARXIV.2204.06745},
	eprinttype    = {arXiv},
	eprint       = {2204.06745},
	timestamp    = {Tue, 19 Apr 2022 17:11:58 +0200},
	biburl       = {https://dblp.org/rec/journals/corr/abs-2204-06745.bib},
	bibsource    = {dblp computer science bibliography, https://dblp.org}
}

@article{DBLP:journals/corr/abs-2401-01325,
	author       = {Hongye Jin and
	Xiaotian Han and
	Jingfeng Yang and
	Zhimeng Jiang and
	Zirui Liu and
	Chia{-}Yuan Chang and
	Huiyuan Chen and
	Xia Hu},
	title        = {{LLM} Maybe LongLM: Self-Extend {LLM} Context Window Without Tuning},
	journal      = {CoRR},
	volume       = {abs/2401.01325},
	year         = {2024},
	url          = {https://doi.org/10.48550/arXiv.2401.01325},
	doi          = {10.48550/ARXIV.2401.01325},
	eprinttype    = {arXiv},
	eprint       = {2401.01325},
	timestamp    = {Mon, 15 Jan 2024 16:37:16 +0100},
	biburl       = {https://dblp.org/rec/journals/corr/abs-2401-01325.bib},
	bibsource    = {dblp computer science bibliography, https://dblp.org}
}

@article{DBLP:journals/corr/abs-2311-03079,
	author       = {Weihan Wang and
	Qingsong Lv and
	Wenmeng Yu and
	Wenyi Hong and
	Ji Qi and
	Yan Wang and
	Junhui Ji and
	Zhuoyi Yang and
	Lei Zhao and
	Xixuan Song and
	Jiazheng Xu and
	Bin Xu and
	Juanzi Li and
	Yuxiao Dong and
	Ming Ding and
	Jie Tang},
	title        = {CogVLM: Visual Expert for Pretrained Language Models},
	journal      = {CoRR},
	volume       = {abs/2311.03079},
	year         = {2023},
	url          = {https://doi.org/10.48550/arXiv.2311.03079},
	doi          = {10.48550/ARXIV.2311.03079},
	eprinttype    = {arXiv},
	eprint       = {2311.03079},
	timestamp    = {Wed, 08 Nov 2023 15:46:55 +0100},
	biburl       = {https://dblp.org/rec/journals/corr/abs-2311-03079.bib},
	bibsource    = {dblp computer science bibliography, https://dblp.org}
}
@inproceedings{DBLP:conf/nips/RafailovSMMEF23,
	author       = {Rafael Rafailov and
	Archit Sharma and
	Eric Mitchell and
	Christopher D. Manning and
	Stefano Ermon and
	Chelsea Finn},
	editor       = {Alice Oh and
	Tristan Naumann and
	Amir Globerson and
	Kate Saenko and
	Moritz Hardt and
	Sergey Levine},
	title        = {Direct Preference Optimization: Your Language Model is Secretly a
	Reward Model},
	booktitle    = {Advances in Neural Information Processing Systems 36: Annual Conference
	on Neural Information Processing Systems 2023, NeurIPS 2023, New Orleans,
	LA, USA, December 10 - 16, 2023},
	year         = {2023},
	url          = {http://papers.nips.cc/paper\_files/paper/2023/hash/a85b405ed65c6477a4fe8302b5e06ce7-Abstract-Conference.html},
	timestamp    = {Fri, 01 Mar 2024 16:26:20 +0100},
	biburl       = {https://dblp.org/rec/conf/nips/RafailovSMMEF23.bib},
	bibsource    = {dblp computer science bibliography, https://dblp.org}
}